@misc{VC120,
author = {Volcraft ( Company )},
title = {Bedienungsanleitung},
howpublished = "\url{http://www2.produktinfo.conrad.com/datenblaetter/100000-124999/121616-an-01-de-Digitalmultimeter_VC_120.pdf}",
note = {[Online: accessed 01.03.2016]}
}

@misc{GETSIS,
author = {Institut f√ºr Arbeitsschutz der Deutschen Gesetzlichen Unfallversicherung} ,
howpublished = "\url{http://gestis.itrust.de/nxt/gateway.dll/gestis_de/005220.xml?f=templates$fn=default.htm$3.0}",
note = {[Online: accessed 10.05.2015]}
}

@misc{ZUS,
author = {Tu Muenchen},
howpublished = "\url{https://www.ph.tum.de/academics/org/labs/ap/teil1/ZUS.pdf}",
note = {[Online: accessed 03.05.2015]},
}

@misc{FHV, 
author = {Tu Muenchen}, 
howpublished = "\url{https://www.ph.tum.de/academics/org/labs/ap/teil3/FHV.pdf}",
note = {[Online: accessed 29.02.2016]},
}

@misc{BUB, 
author = {Tu Muenchen}, 
howpublished = "\url{https://www.ph.tum.de/academics/org/labs/ap/teil3/BUB.pdf}",
note = {[Online: accessed 02.02.2016]},
}

@misc{ABW, 
author = {Tu Muenchen}, 
howpublished = "\url{https://www.ph.tum.de/academics/org/labs/ap/org/ABW.pdf}", 
note = {[Online: accessed 29.02.2016]},
}

@book{CRC, 
author = {William M. Haynes},
title = {CRC Handbook of Chemistry and Physics},
publisher = {CRC},
year = {2010},
note = {[Pages 10-46]},
}

@misc{FOPRA_molecular_motors, 
author = "Carina, Pelzl and Etienne, Loiseau and Philip, Bleicher",
howpublished = "\url{https://www.ph.tum.de/academics/org/labs/fopra/docs/userguide-07.en.pdf}",
note = {[Online: accessed 30.11.2016]},
}



